<record><leader>00000cas a22000007a 4500</leader><controlfield tag="001">13057256</controlfield><controlfield tag="008">860124d1877188uinuwr ne      0    0eng d</controlfield><datafield ind1=" " ind2=" " tag="010"><subfield code="a">sn 86058025 </subfield></datafield><datafield ind1=" " ind2=" " tag="040"><subfield code="a">NPI</subfield><subfield code="b">eng</subfield><subfield code="c">NPI</subfield><subfield code="d">IUL</subfield><subfield code="d">OCLCQ</subfield><subfield code="d">OCLCF</subfield></datafield><datafield ind1="1" ind2=" " tag="029"><subfield code="a">AU@</subfield><subfield code="b">000040296473</subfield></datafield><datafield ind1=" " ind2=" " tag="042"><subfield code="a">msc</subfield></datafield><datafield ind1=" " ind2=" " tag="043"><subfield code="a">n-us-in</subfield></datafield><datafield ind1="0" ind2="0" tag="245"><subfield code="a">Terre Haute Saturday courier.</subfield></datafield><datafield ind1=" " ind2=" " tag="260"><subfield code="a">Terre Haute, Ind. :</subfield><subfield code="b">J.O. Hardesty,</subfield><subfield code="c">1877-</subfield></datafield><datafield ind1=" " ind2=" " tag="310"><subfield code="a">Weekly</subfield></datafield><datafield ind1="0" ind2=" " tag="362"><subfield code="a">Vol. 1, no. 1 (Apr. 28, 1877)-</subfield></datafield><datafield ind1=" " ind2="0" tag="651"><subfield code="a">Terre Haute (Ind.)</subfield><subfield code="v">Newspapers.</subfield></datafield><datafield ind1=" " ind2="0" tag="651"><subfield code="a">Vigo County (Ind.)</subfield><subfield code="v">Newspapers.</subfield></datafield><datafield ind1=" " ind2="7" tag="655"><subfield code="a">Newspapers.</subfield><subfield code="2">fast</subfield><subfield code="0">(OCoLC)fst01423814</subfield></datafield><datafield ind1=" " ind2="7" tag="651"><subfield code="a">Indiana</subfield><subfield code="z">Terre Haute.</subfield><subfield code="2">fast</subfield><subfield code="0">(OCoLC)fst01207975</subfield></datafield><datafield ind1=" " ind2="7" tag="651"><subfield code="a">Indiana</subfield><subfield code="z">Vigo County.</subfield><subfield code="2">fast</subfield><subfield code="0">(OCoLC)fst01206381</subfield></datafield><datafield ind1=" " ind2=" " tag="752"><subfield code="a">United States</subfield><subfield code="b">Indiana</subfield><subfield code="c">Vigo</subfield><subfield code="d">Terre Haute.</subfield></datafield><datafield ind1="0" ind2="0" tag="785"><subfield code="t">Saturday courier (Terre Haute, Ind.)</subfield><subfield code="w">(DLC)sn 87055713</subfield></datafield></record>